%#######################################################################################################################
% LICENSE
%
% "biblio.bib" (C) 2024 by Jakob Harden (Graz University of Technology) is licensed under a Creative Commons Attribution 4.0 International license.
%
% License deed: https://creativecommons.org/licenses/by/4.0/
% Author email: jakob.harden@tugraz.at, jakob.harden@student.tugraz.at, office@jakobharden.at
% Author website: https://jakobharden.at/wordpress/
% Author ORCID: https://orcid.org/0000-0002-5752-1785
%
% This file is part of the PhD thesis of Jakob Harden.
%#######################################################################################################################

% programm code to the presentation
@online{progcode,
	author       = {Harden, Jakob},
	title        = {{Automated frequency band estimation for sinusoidal low-pass signals in noise - supplementary GNU Octave code}},
	month        = dec,
	year         = 2024,
	publisher    = {Graz University of Technology},
	version      = {1.0.0},
	doi          = {10.3217/bry0f-cb052},
	url          = {https://doi.org/10.3217/bry0f-cb052},
}

% LaTeX code to the presentation
@online{texcode,
	author       = {Harden, Jakob},
	title        = {{Automated frequency band estimation for sinusoidal low-pass signals in noise - supplementary LaTeX code}},
	month        = dec,
	year         = 2024,
	publisher    = {Graz University of Technology},
	version      = {1.0.0},
	doi          = {10.3217/zm80p-90g35},
	url          = {https://doi.org/10.3217/zm80p-90g35},
}

% test series 1, cement paste tests
@dataset{ts1ds,
	author       = {Harden, Jakob},
	title        = {{Ultrasonic Pulse Transmission Tests: Datasets - Test Series 1, Cement Paste at Early Stages}},
	month        = jul,
	year         = 2023,
	publisher    = {Graz University of Technology},
	version      = {1.0},
	doi          = {10.3217/bhs4g-m3z76},
	url          = {https://doi.org/10.3217/bhs4g-m3z76},
}

% test series 5, reference tests, air
@dataset{ts5ds,
	author       = {Harden, Jakob},
	title        = {{Ultrasonic Pulse Transmission Tests: Datasets - Test Series 5, Reference Tests on Air}},
	month        = jul,
	year         = 2023,
	publisher    = {Graz University of Technology},
	version      = {1.0},
	doi          = {10.3217/bjkrj-pg829},
	url          = {https://doi.org/10.3217/bjkrj-pg829},
}

% test series 6, reference tests, water
@dataset{ts6ds,
	author       = {Harden, Jakob},
	title        = {{Ultrasonic Pulse Transmission Tests: Datasets - Test Series 6, Reference Tests on Water}},
	month        = jul,
	year         = 2023,
	publisher    = {Graz University of Technology},
	version      = {1.0},
	doi          = {10.3217/hn7we-q7z09},
	url          = {https://doi.org/10.3217/hn7we-q7z09},
}
