@dataset{harden_2023_f62md-kep36,
  author       = {Harden, Jakob},
  title        = {{Ultrasonic Pulse Transmission Tests: Datasets - 
                   Test Series 4, Cement Paste at Early Stages}},
  month        = jul,
  year         = 2023,
  publisher    = {Graz University of Technology},
  version      = {1.0},
  doi          = {10.3217/f62md-kep36},
  url          = {https://doi.org/10.3217/f62md-kep36}
}