@dataset{harden_2023_azh6e-rvy75,
  author       = {Harden, Jakob},
  title        = {{Ultrasonic Pulse Transmission Tests: Datasets - 
                   Test Series 7, Reference Tests on Aluminium
                   Cylinder}},
  month        = jul,
  year         = 2023,
  publisher    = {Graz University of Technology},
  version      = {1.0},
  doi          = {10.3217/azh6e-rvy75},
  url          = {https://doi.org/10.3217/azh6e-rvy75}
}