@dataset{harden_2023_bhs4g-m3z76,
  author       = {Harden, Jakob},
  title        = {{Ultrasonic Pulse Transmission Tests: Datasets - 
                   Test Series 1, Cement Paste at Early Stages}},
  month        = jul,
  year         = 2023,
  publisher    = {Graz University of Technology},
  version      = {1.0},
  doi          = {10.3217/bhs4g-m3z76},
  url          = {https://doi.org/10.3217/bhs4g-m3z76}
}