@dataset{harden_2023_bjkrj-pg829,
  author       = {Harden, Jakob},
  title        = {{Ultrasonic Pulse Transmission Tests: Datasets - 
                   Test Series 5, Reference Tests on Air}},
  month        = jul,
  year         = 2023,
  publisher    = {Graz University of Technology},
  version      = {1.0},
  doi          = {10.3217/bjkrj-pg829},
  url          = {https://doi.org/10.3217/bjkrj-pg829}
}