@dataset{harden_2023_hn7we-q7z09,
  author       = {Harden, Jakob},
  title        = {{Ultrasonic Pulse Transmission Tests: Datasets - 
                   Test Series 6, Reference Tests on Water}},
  month        = jul,
  year         = 2023,
  publisher    = {Graz University of Technology},
  version      = {1.0},
  doi          = {10.3217/hn7we-q7z09},
  url          = {https://doi.org/10.3217/hn7we-q7z09}
}