@dataset{harden_2023_ph0jm-8ax76,
  author       = {Harden, Jakob},
  title        = {{Ultrasonic Pulse Transmission Tests: Datasets - 
                   Test Series 3, Reference Tests on Air}},
  month        = jul,
  year         = 2023,
  publisher    = {Graz University of Technology},
  version      = {1.0},
  doi          = {10.3217/ph0jm-8ax76},
  url          = {https://doi.org/10.3217/ph0jm-8ax76}
}